<?xml version="1.0" encoding="UTF-8"?><collection xmlns="http://www.loc.gov/MARC21/slim"><record><leader>00545nam--2200193-i-4500</leader><controlfield tag="001">000037387</controlfield><controlfield tag="002">20161230</controlfield><controlfield tag="005">20161230201041</controlfield><controlfield tag="008">060222s1000------------r-----000-0-rus-d</controlfield><datafield ind1=" " ind2=" " tag="040"><subfield code="a">IFIN-HH</subfield></datafield><datafield ind1=" " ind2=" " tag="041"><subfield code="a">rus</subfield></datafield><datafield ind1=" " ind2=" " tag="080"><subfield code="a">539.131</subfield></datafield><datafield ind1="1" ind2=" " tag="100"><subfield code="a">Eden, R.J</subfield></datafield><datafield ind1="1" ind2="0" tag="245"><subfield code="a">Soudarenia elementarnih ceastit pri visokih energiah</subfield><subfield code="c">R.j. eden</subfield></datafield><datafield ind1=" " ind2=" " tag="260"><subfield code="a">Moskva</subfield><subfield code="b">Nauka</subfield><subfield code="c">1979</subfield></datafield><datafield ind1=" " ind2=" " tag="300"><subfield code="a">391P</subfield></datafield><datafield ind1=" " ind2=" " tag="502"><subfield code="a">Titlul Original In Limba Engleza: High Energy Colliions Of Elementary Particles</subfield></datafield><datafield ind1=" " ind2=" " tag="852"><subfield code="a">33538</subfield><subfield code="c">539.131</subfield></datafield><datafield ind1=" " ind2=" " tag="CAT"><subfield code="a">Sys</subfield><subfield code="c">20120301</subfield><subfield code="h">101427</subfield></datafield></record></collection>